@Article{NGS,
  author    = {Jay Shendure and  Hanlee Ji},
  title     = {Next-generation DNA sequencing},
  journal   = {nature biotechnology},
  year      = {2008},
  volume    = {16},
  number    = {10},
  pages     = {1135--1145}
}
@Article{NGS2,
  author    = {Heena Satam and Kandarp Joshi and Upasana Mangrolia and Sanober Waghoo and Gulnaz Zaidi and Shravani Rawool and Ritesh P. Thakare and Shahid Banday and Alok K. Mishra and Gautam Das and Sunil K. Malonia },
  title     = {Next-Generation Sequencing Technology: Current Trends
and Advancements},
  journal   = {Biology},
  year      = {2023},
  volume    = {},
  number    = {},
  pages     = {1--25}
}
@Article{NGS3,
  author    = {Dahui Qin},
  title     = {Next-generation sequencing and its clinical application},
  journal   = {Cancer Biol Med},
  year      = {2019},
  volume    = {16},
  number    = {1},
  pages     = {5--9}
}
@Article{NGS4,
  author    = {Dimitrios H Roukos},
  title     = {Next-generation sequencing and epigenome technologies: potential medical applications},
  journal   = {Expert Review of Medical Devices},
  year      = {2014},
  volume    = {},
  number    = {},
  pages     = {723--726}
}
@Article{HMM,
  author    = {Byung-Jun Yoon},
  title     = {Hidden Markov Models and their Applications in Biological Sequence Analysis},
  journal   = {Current Genomics},
  year      = {2009},
  volume    = {},
  number    = {},
  pages     = {402--415}
}
@Article{PHMM,
  author    = {Bjarne Knudsen and Michael M. Miyamoto},
  title     = {Sequence Alignments and Pair Hidden Markov Models Using Evolutionary History},
  journal   = {elsevier},
  year      = {2003},
  volume    = {},
  number    = {},
  pages     = {453--460}
}
@Article{RHMM,
  author    = {Khar Heng Choo and Joo Chuan Tong and Louxin Zhang},
  title     = {Recent Applications of Hidden Markov Models in Computational Biology},
  journal   = {},
  year      = {2004},
  volume    = {},
  number    = {},
  pages     = {85--96}
}
@Article{Shanshan1,
  author    = {Shanshan Ren and Koen Bertel and Zaid Al-Ars},
  title     = {Exploration of Alternative GPU Implementations of the Pair-HMMs Forward Algorithm},
  journal   = {IEEE},
  year      = {2016},
  volume    = {},
  number    = {},
  pages     = {902--909}
}
@Article{EnliangLi1,
  author    = {Shanshan Ren and Koen Bertel and Zaid Al-Ars},
  title     = {Exploration of GPU acceleration for Pair-HMM algorithm and its application in the DNA alignment problem},
  journal   = {},
  year      = {2019},
  volume    = {},
  number    = {},
  pages     = {1--15}
}
@Article{Xuhua,
  author    = {Xuhua Xia},
  title     = {Bioinformatics and the Cell Modern Computational Approaches in Genomics, Proteomics and Transcriptomics Second Edition},
  journal   = {},
  year      = {2018},
  volume    = {},
  number    = {},
  pages     = {}
}
@Article{Dimitrios,
  author    = {Dimitrios P Lyras and Dirk Metzler},
  title     = {ReformAlign: improved multiple sequence alignments using a profile-based meta-alignment
approach},
  journal   = {BMC bioinformatic},
  year      = {2014},
  volume    = {15},
  number    = {265},
  pages     = {1--18}
}
@Article{Emad,
  author    = {Emad Alamoudi and Aiiad Albeshri and Rashid Mehmood and Takashi Gojobori},
  title     = {DNA Profiling Methods and Tools: A Review},
  journal   = {ICST},
  year      = {2018},
  volume    = {},
  number    = {},
  pages     = {216--231}
}
@Article{sequencingError,
  author    = {Claudine Me√Çdigue and Antoine Danchin and  Alain Viari and Matthias Rose},
  title     = {Detecting and Analyzing DNA Sequencing Errors: Toward a Higher Quality of the Bacillus subtilis Genome Sequence},
  journal   = {Genome Research},
  year      = {1999},
  volume    = {},
  number    = {},
  pages     = {1117--1127}
}
@Article{CUDA,
  author    = {Nvidia Corp},
  title     = {CUDA C++ Best Practices Guide},
  journal   = {},
  year      = {2024},
  volume    = {},
  number    = {},
  pages     = {}
}
@Article{Shanshan,
  author    = {Shanshan Ren and Koen Bertels and Zaid Al-Ars},
  title     = {Efficient Acceleration of the Pair-HMMs Forward Algorithm for GATK HaplotypeCaller on Graphics Processing Units},
  journal   = {Evolutionary Bioinformatics},
  year      = {2018},
  volume    = {14},
  number    = {},
  pages     = {1--12}
}

@Article{EnliangLi,
  author     = {Enliang Li and Subho S. Banerjee and Sitao Huang and Ravishankar K. Iyer and Deming Chen},
  title      = {Improved GPU Implementations of the Pair-HMM Forward Algorithm for DNA Sequenc Alignment},
  journal    = {IEEE},
  year       = {2021},
  volume    = {},
  number    = {},
  pages      = {299--306}
}

@Article{Subho,
  author    = {Subho S. Banerjee and Mohamed el-Hadedy and Ching Y. Tan and Zbigniew T. Kalbarczyk and Steve Lumetta and Ravishankar K. Iyer},
  title     = {On Accelerating Pair-HMM Computations in Programmable Hardware},
  journal = {},
  year      = {2017},
  volume    = {},
  number    = {},
  pages     = {1--8}
}

@Article{Sitao,
  author    = {Sitao Huang and Gowthami Jayashri Manikandan and Anand Ramachandran and Kyle Rupnow and Wen-mei W. Hwu and Deming Chen},
  title     = {Hardware Acceleration of the Pair-HMM Algorithm for DNA Variant Calling},
  journal   = {STARnet},
  year      = {2017},
  volume    = {},
  number    = {},
  pages     = {275--284}
}
@Article{Profile,
  author    = {Sean R. Eddy},
  title     = {Profile hidden Markov models},
  journal   = {Bioinformatics},
  year      = {1998},
  volume    = {14},
  number    = {9},
  pages     = {755--763}
}
@Article{YouLin,
  author    = {You-Lin and Paul Horton},
  title     = {EAGLE-GPU: Using Graphics Processing Units to accelerate computation of the statistical support of putative genome variants based on DNA sequencing data},
  journal = {},
  year      = {2022},
  volume    = {},
  number    = {},
  pages     = {1--33}
}